@book{daemen:2002:DRA
  , author = "J. Daemen and V. Rijmen"
  , title = "The design of {Rijndael}: {AES} --- the {Advanced Encryption Standard}"
  , pages = "238"
  , year = "2002"
  , isbn = "3-540-42580-2"
  , publisher = "Spring{\-}er-Ver{\-}lag"
}

@book{Astels:2003:TDD:864016
  , author = {Astels, D.}
  , title = {Test Driven Development: A Practical Guide}
  , pages = {562}
  , year = {2003}
  , isbn = {0-131-01649-0}
  , publisher = {Prentice Hall Professional Technical Reference}
}

@inbook{Caddy2011
  , author="Caddy, T."
  , editor="van Tilborg, H. C. A. and Jajodia, S."
  , title="Side-Channel Attacks"
  , pages={1204--1204}
  , publisher="Springer US"
  , year="2011"
  , bookTitle="Encyclopedia of Cryptography and Security"
  , address="Boston, MA"
  , isbn="978-1-4419-5906-5"
}

@misc{aes-fips
  , author="{National Institute of Standards and Technology}"
  , title="{Advanced Encryption Standard (AES)}"
  , howpublished="Federal Information Processing Standards Publication 197"
  , year = "2001"
  , url = "http://csrc.nist.gov/publications/fips/fips197/fips-197.pdf"
  , urldate={2017-10-23}
}

@misc{forler:2013:catena
  , author = {C. Forler and S. Lucks and J. Wenzel}
  , title = {Catena: A Memory-Consuming Password-Scrambling Framework}
  , howpublished = {Cryptology ePrint Archive, Report 2013/525}
  , year = {2013}
  , url={http://eprint.iacr.org/2013/525}
  , urldate={2017-10-23}
}

@misc{marcos:2015:lyra2
  , author={M. A. Simpl{\'i}cio Jr. and L. C. Almeida and E. R. Andrade and P. C. F. dos Santos and P. S. L. M. Barreto}
  , title={Lyra2: Password Hashing Scheme with improved security against time-memory trade-offs}
  , howpublished={Cryptology ePrint Archive, Report 2015/136}
  , year={2015}
  , url={http://eprint.iacr.org/2015/136}
  , urldate={2017-10-23}
}

@misc{bertoni:2011:duplexing
  , author={G. Bertoni and J. Daemen and M. Peeters and G. V. Assche}
  , title={Duplexing the sponge: single-pass authenticated encryption and other applications}
  , howpublished={Cryptology ePrint Archive, Report 2011/499}
  , year = {2011}
  , url={http://eprint.iacr.org/2011/499}
  , urldate={2017-10-23}
}

@misc{cryptoeprint:2011:499
  , author = {G. Bertoni and J. Daemen and M. Peeters and G. V. Assche}
  , title = {Duplexing the sponge: single-pass authenticated encryption and other applications}
  , howpublished = {Cryptology ePrint Archive, Report 2011/499}
  , year = {2011}
  , url={http://eprint.iacr.org/2011/499}
  , urldate={2017-10-23}
}

@misc{aumasson:2013:blake2
  , author = {J. P. Aumasson and S. Neves and Z. Wilcox-O'Hearn and C. Winnerlein}
  , title = {BLAKE2: simpler, smaller, fast as MD5}
  , howpublished = {Cryptology ePrint Archive, Report 2013/322}
  , year = {2013}
  , url={http://eprint.iacr.org/2013/322}
  , urldate={2017-10-23}
}

@misc{cryptoeprint:2015:keccak
  , author = {G. Bertoni and J. Daemen and M. Peeters and G. Van Assche}
  , title = {Keccak}
  , howpublished = {Cryptology ePrint Archive, Report 2015/389}
  , year = {2015}
  , url={http://eprint.iacr.org/2015/389}
  , urldate={2017-10-23}
}

@misc{cryptoeprint:2015:389
  , author = {G. Bertoni and J. Daemen and M. Peeters and G. Van Assche}
  , title = {Keccak}
  , howpublished = {Cryptology ePrint Archive, Report 2015/389}
  , year = {2015}
  , url={http://eprint.iacr.org/2015/389}
  , urldate={2017-10-23}
}

@misc{cryptoeprint:2013:322
  , author = {J. P. Aumasson and S. Neves and Z. Wilcox-O'Hearn and C. Winnerlein}
  , title = {BLAKE2: simpler, smaller, fast as MD5}
  , howpublished = {Cryptology ePrint Archive, Report 2013/322}
  , year = {2013}
  , url={http://eprint.iacr.org/2013/322}
  , urldate={2017-10-23}
}

@misc{wetzels:2016:phc
  , author={J. Wetzels}
  , title={Open Sesame: The Password Hashing Competition and Argon2}
  , howpublished = {Cryptology ePrint Archive, Report 2016/104}
  , year = {2016}
  , url={http://eprint.iacr.org/2016/104}
  , urldate={2017-10-23}
}

@misc{cryptoeprint:2016:104
  , author={J. Wetzels}
  , title={Open Sesame: The Password Hashing Competition and Argon2}
  , howpublished = {Cryptology ePrint Archive, Report 2016/104}
  , year = {2016}
  , url={http://eprint.iacr.org/2016/104}
  , urldate={2017-10-23}
}

@misc{praveen:2011:groestl
  , author={P. Gauravaram and L. R. Knudsen and K. Matusiewicz and F. Mendel and C. Rechberger and M. Schläffer and S. S. Thomsen}
  , title={Grøstl --- a SHA-3 candidate}
  , year={2011}
  , url={http://www.groestl.info/Groestl.pdf}
  , urldate={2017-10-23}
}

@misc{wu:2011:jh
  , author={H. Wu}
  , title={The Hash Function JH}
  , howpublished = {Submission to NIST (round 3)}
  , year={2011}
  , url={http://www3.ntu.edu.sg/home/wuhj/research/jh/jh_round3.pdf}
  , urldate={2017-10-23}
}

@misc{ferguson:2009:skein
  , author = {N. Ferguson and S. Lucks and B. Schneier and D. Whiting and M. Bellare and T. Kohno and J. Callas and J. Walker}
  , title = {The Skein Hash Function Family}
  , howpublished={Submission to NIST (round 3)}
  , year={2010}
  , url={http://www.skein-hash.info/sites/default/files/skein1.3.pdf}
  , urldate={2017-10-23}
}

@misc{burr2013electronic
  , author={W. E. Burr and D. F. Dodson and E. M. Newton and R. A. Perlner and W. T. Polk and S. Gupta and E. A. Nabbus}
  , title={NIST Special Publication 800-63-2 Electronic Authentication Guideline}
  , year={2013}
  , month={08}
}

@misc{grassi2017digital
  , author={P. A. Grassi and M. E. Garcia and J. L. Fenton}
  , title={NIST Special Publication 800-63-3 Digital Identity Guidelines}
  , year={2017}
  , month={06}
}

@techreport{biryukov:2015:argon2
  , author={Biryukov, A. and Dinu, D. and Khovratovich, D.}
  , title={Argon2}
  , year={2015}
  , url={https://password-hashing.net/submissions/specs/Argon-v3.pdf}
  , urldate={2017-10-23}
}

@techreport{pornin:2015:makwa
  , title={The Makwa password hashing function}
  , author={Pornin, T.}
  , year={2015}
  , url={https://password-hashing.net/submissions/specs/Makwa-v1.pdf}
  , urldate={2017-10-23}
}

@techreport{pornin:2015:makwa-spec
  , title={The \textsc{Makwa} Password Hashing Function, specification v1.1}
  , author={Pornin, T.}
  , year={2015}
  , url={http://www.bolet.org/makwa/makwa-spec-20150422.pdf}
  , urldate={2017-10-23}
}

@techreport{peslyak:2015:yescrypt
  , title={yescrypt --- a Password Hashing Competition submission}
  , author={A. Peslyak}
  , year={2015}
  , url={https://password-hashing.net/submissions/specs/yescrypt-v2.pdf}
  , urldate={2017-10-23}
}

@techreport{percival:2016:scrypt
  , author={C. Percival}
  , title={Stronger Key Derivation via Sequential Memory-hard Functions}
  , year={2009}
  , url={http://www.tarsnap.com/scrypt/scrypt.pdf}
  , urldate={2017-10-23}
}

@techreport{moriarty:2017:pkcs
  , author={K. M. Moriarty and B. Kaliski and A. Rusch}
  , title={PKCS \#5: Password-Based Cryptography Specification, Version 2.1}
  , howpublished={Internet Requests for Comments}
  , type={RFC}
  , number={8018}
  , year={2017}
  , month={01}
  , ISSN = {2070-1721}
  , publisher={RFC Editor}
  , institution={Internet Engineering Task Force (IETF)}
  , url={https://tools.ietf.org/html/rfc8018}
  , urldate={2017-10-23}
}

@techreport{rfc7914
  , author={C. Percival and S. Josefsson}
  , title={The scrypt Password-Based Key Derivation Function}
  , howpublished={Internet Requests for Comments}
  , type={RFC}
  , number={7914}
  , year={2016}
  , month={08}
  , ISSN={2070-1721}
  , publisher={RFC Editor}
  , institution={Internet Engineering Task Force (IETF)}
  , url={https://tools.ietf.org/html/rfc7914}
  , urldate={2017-10-23}
}

@techreport{rfc6238
  , author={D. M'Raihi and S. Machani and M. Pei and J. Rydell}
  , title={TOTP: Time-Based One-Time Password Algorithm}
  , howpublished={Internet Requests for Comments}
  , type={RFC}
  , number={6238}
  , year={2011}
  , month={05}
  , ISSN = {2070-1721}
  , publisher={RFC Editor}
  , institution={Internet Engineering Task Force (IETF)}
  , url={https://tools.ietf.org/html/rfc6238}
  , urldate={2017-10-23}
}

@techreport{rfc6101
  , author={A. O. Freier and P. Karlton and P. C. Kocher}
  , title={The Secure Sockets Layer (SSL) Protocol Version 3.0}
  , howpublished={Internet Requests for Comments}
  , type={RFC}
  , number={6101}
  , year={2011}
  , month={08}
  , ISSN={2070-1721}
  , publisher={RFC Editor}
  , institution={Internet Engineering Task Force (IETF)}
  , url={https://tools.ietf.org/html/rfc6101}
  , urldate={2017-10-23}
}

@techreport{rfc5246
  , author={T. Dierks and E. Rescorla}
  , title={The Transport Layer Security (TLS) Protocol Version 1.2}
  , howpublished={Internet Requests for Comments}
  , type={RFC}
  , number={5246}
  , year={2008}
  , month={08}
  , institution={Network Working Group}
  , url={https://tools.ietf.org/html/rfc5246}
  , urldate={2017-10-23}
}

@techreport{rfc4226
  , author={D. M'Raihi and M. Bellare and F. Hoornaert and D. Naccache and O. Ranen}
  , title={HOTP: An HMAC-Based One-Time Password Algorithm}
  , howpublished={Internet Requests for Comments}
  , type={RFC}
  , number={4226}
  , year={2005}
  , month={12}
  , publisher={RFC Editor}
  , institution={Network Working Group}
  , url={https://tools.ietf.org/html/rfc4226}
  , urldate={2017-10-23}
}

@techreport{rfc6176
  , author={T. Polk and S. Turner}
  , title={Prohibiting Secure Sockets Layer (SSL) Version 2.0}
  , howpublished={Internet Requests for Comments}
  , type={RFC}
  , number={6176}
  , year={2011}
  , month={03}
  , publisher={RFC Editor}
  , ISSN = {2070-1721}
  , institution={Internet Engineering Task Force (IETF)}
  , url={https://tools.ietf.org/html/rfc6176}
  , urldate={2017-11-06}
}

@techreport{rfc7568
  , author={R. Barnes and M. Thomson and A. Pironti and A. Langley}
  , title={Deprecating Secure Sockets Layer Version 3.0}
  , howpublished={Internet Requests for Comments}
  , type={RFC}
  , number={7568}
  , year={2015}
  , month={06}
  , publisher={RFC Editor}
  , ISSN = {2070-1721}
  , institution={Internet Engineering Task Force (IETF)}
  , url={https://tools.ietf.org/html/rfc7568}
  , urldate={2017-11-06}
}

@techreport{bertoni2007sponge
  , author={G. Bertoni and J. Daemen and M. Peeters and G. Van Assche}
  , title={Cryptographic Sponge Functions}
  , year={2007}
  , url={https://keccak.team/files/CSF-0.1.pdf}
  , urldate={2017-10-23}
}

@article{223865
  , author={L. Gong and M. A. Lomas and R. M. Needham and J. H. Saltzer}
  , title={Protecting poorly chosen secrets from guessing attacks}
  , journal={IEEE Journal on Selected Areas in Communications}
  , year={1993}
}
  , volume={11}
  , number={5}
  , pages={648-656}
  , ISSN={0733-8716}
  , month={Jun}
}

@article{andrade:2016:lyra2
  , author={E. R. Andrade and M. A. Simpl{\'i}cio Jr. and P. S. L. M. Barreto and P. C. F. dos Santos}
  , title={Lyra2: Efficient Password Hashing with High Security against Time-Memory Trade-Offs}
  , journal={IEEE Transactions on Computers}
  , year={2016}
}
  , organization={IEEE}
  , volume={65}
  , number={10}
  , pages={3096-3108}
  , ISSN={0018-9340}
}

@article{jain:2004:intro-to-biometric
  , author = {Jain, A. K. and Ross, A. and Prabhakar, S.}
  , title = {An Introduction to Biometric Recognition}
  , journal = {IEEE Transactions on Circuits and Systems for Video Technology}
  , year = {2004}
}
  , issue_date = {January 2004}
  , volume = {14}
  , number = {1}
  , month = jan
  , issn = {1051-8215}
  , pages = {4--20}
  , numpages = {17}
  , acmid = {2323546}
  , publisher = {IEEE Press}
  , address = {Piscataway, NJ, USA},
}

@article{serwadda2013scan
  , title={Scan-based evaluation of continuous keystroke authentication systems}
  , author={Serwadda, A. and Wang, Z. and Koch, P. and Govindarajan, S. and Pokala, R. and Goodkind, A. and Brizan, D. G. and Rosenberg, A. and Phoha, V. V. and Balagani, K.}
  , journal={IEEE IT Professional Journal}
  , year={2013}
}
  volume={15},
  number={4},
  pages={20--23},
  publisher={IEEE}
}

@article{Avoine:2008:CIT:1380564.1380565
  , author={Avoine, G. and Junod, P. and Oechslin, P.}
  , title={Characterization and Improvement of Time-Memory Trade-Off Based on Perfect Tables}
  , journal={ACM Transactions on Information and System Security}
  , year={2008}
}
, issue_date = {July 2008}
, volume = {11}
, number = {4}
, month = jul
, issn = {1094-9224}
, pages = {17:1--17:22}
, articleno = {17}
, numpages = {22}
, acmid = {1380565}
, publisher = {ACM}
, address = {New York, NY, USA}
, keywords = {Cryptography, Hellman's time-memory trade-off, password cracking, rainbow tables}
}

@article{elberzhager:2012:reducing-effort
  , title = "Reducing test effort: A systematic mapping study on existing approaches"
  , author = "F. Elberzhager and A. Rosbach and J. Münch and R. Eschbach"
  , journal = "Information and Software Technology"
  , volume = "54"
  , number = "10"
  , pages = "1092 - 1106"
  , year = "2012"
}

@article{raza:2012:password-attacks-survey
  , title={A survey of password attacks and comparative analysis on methods for secure authentication}
  , author={Raza, M. and Iqbal, M. and Sharif, M. and Haider, W.}
  , journal={World Applied Sciences Journal}
  , volume={19}
  , number={4}
  , pages={439--444}
  , year={2012}
  , month={01}
}

@article{teh:2013:survey-keystroke-biometrics
  , author  = {Teh, P. S. and Teoh, A. B. J. and Yue, S.}
  , title   = {A Survey of Keystroke Dynamics Biometrics}
  , journal = "The Scientific World Journal"
  , volume  = 2013
  , year    = 2013
  , note    = "{Hindawi Publishing Corporation}, 24 pages"
}

@article{yunbin:2013:gmm-keystroke
  , author  = {Deng, Y. and Zhong, Y.}
  , title   = {Keystroke Dynamics User Authentication Based on Gaussian Mixture Model and Deep Belief Nets}
  , journal = "ISRN Signal Processing"
  , volume  = 2013
  , year    = 2013
  , note    = "{Hindawi Publishing Corporation}, 7 pages"
}

@article{ho:2017:onenb
  , author="Ho, J. and Kang, D. K."
  , title="One-class na{\"i}ve Bayes with duration feature ranking for accurate user authentication using keystroke dynamics"
  , journal="Applied Intelligence"
  , year="2017"
  , month="Aug"
  , day="24"
  , issn="1573-7497"
}

@article{ives:2004:domino
  , author = {Ives, B. and Walsh, K. R. and Schneider, H.}
  , title = {The Domino Effect of Password Reuse}
  , journal = {Communications of the ACM}
  , issue_date = {April 2004}
  , volume = {47}
  , number = {4}
  , month = apr
  , year = {2004}
  , issn = {0001-0782}
  , pages = {75--78}
  , numpages = {4}
  , acmid = {975820}
  , publisher = {ACM}
  , address = {New York, NY, USA},
}

@article{bours2012continuous
, title={Continuous keystroke dynamics: A different perspective towards biometric evaluation}
, author={P. Bours}
, journal={Information Security Technical Report}
, volume={17}
, number={1}
, pages={36--43}
, year={2012}
, issn={1363--4127}
}

@article{hong2012state,
 author = {Hong, J.},
 title = {The State of Phishing Attacks},
 journal = {Communications of the ACM},
 issue_date = {January 2012},
 volume = {55},
 number = {1},
 month = jan,
 year = {2012},
 issn = {0001-0782},
 pages = {74--81},
 numpages = {8},
 acmid = {2063197},
 publisher = {ACM},
 address = {New York, NY, USA},
}

@article{hao2010j,
  title={J-PAKE: authenticated key exchange without PKI},
  author={Hao, F. and Ryan, P.},
  journal={Transactions on computational science XI},
  pages={192--206},
  year={2010},
  publisher={Springer}
}

@inproceedings{suo:2005:graphical-passwords-survey
  , author = {Suo, X. and Zhu, Y. and Owen, G. S.}
  , title = {Graphical Passwords: A Survey}
  , booktitle = {Proceedings of the 21st Annual Computer Security Applications Conference}
  , year = {2005}
}
  , series = {ACSAC '05}
  , isbn = {0-7695-2461-3}
  , pages = {463--472}
  , numpages = {10}
  , acmid = {1106849}
  , publisher = {IEEE Computer Society}
  , address = {Washington, DC, USA}
}

@inproceedings{tillmann:2010:parametrized-unit-tests-rock
  , author={N. Tillmann and J. de Halleux and T. Xie}
  , title={Parameterized unit testing: theory and practice}
  , booktitle={IEEE International Conference on Software Engineering}
  , year={2010}
}
  , volume={2}
  , pages={483-484}
  , ISSN={0270-5257}
  , month={May}
}

@inproceedings{daka:2014:unit-testing-tools
  , author={E. Daka and G. Fraser}
  , title={A Survey on Unit Testing Practices and Problems}
  , booktitle={IEEE International Symposium on Software Reliability Engineering}
  , year={2014}
}
  , organization={IEEE}
  , pages={201-211}
  , ISSN={1071-9458}
  , month={Nov}
}

@inproceedings{ivannikova:2017:anomaly-detection-keystroke-dynamics
  , author={E. Ivannikova and G. David and T. Hämäläinen}
  , title={Anomaly detection approach to keystroke dynamics based user authentication}
  , booktitle={IEEE Symposium on Computers and Communications}
  , year={2017}
}
  , pages={885-889}
  , month={July}
}

@inproceedings{dell:2010:password
  , author={M. Dell'Amico and P. Michiardi and Y. Roudier}
  , title={Password Strength: An Empirical Analysis}
  , booktitle={IEEE International Conference on Computer Communications}
  , year={2010}
}
  , organization={IEEE}
  , pages={1--9}
  , ISSN={0743-166X}
  , month={March}
}

@inproceedings{kelley2012guess
  , author={P. G. Kelley and S. Komanduri and M. L. Mazurek and R. Shay and T. Vidas and L. Bauer and N. Christin and L. F. Cranor and J. Lopez}
  , title={Guess Again (and Again and Again): Measuring Password Strength by Simulating Password-Cracking Algorithms}
  , booktitle={IEEE Symposium on Security and Privacy}
  , year={2012}
}
%  , organization={IEEE}
%  , pages={523-537}
%  , ISSN={1081-6011}
%  , month={May}

@inproceedings{bellovin1992encrypted
  , author = {Bellovin, S. M. and Merritt, M.}
  , title = {Encrypted Key Exchange: Password-Based Protocols SecureAgainst Dictionary Attacks}
  , booktitle = {IEEE Symposium on Security and Privacy}
  , year = {1992}
}
%  , series = {SP '92}
%  , isbn = {0-8186-2825-1}
%  , pages = {72--84}
%  , acmid = {884178}
%  , publisher = {IEEE Computer Society}
%  , address = {Washington, DC, USA}

@inproceedings{abdalla2015security
  , author={M. Abdalla and F. Benhamouda and P. MacKenzie}
  , title={Security of the J-PAKE Password-Authenticated Key Exchange Protocol}
  , booktitle={IEEE Symposium on Security and Privacy}
  , year={2015}
}
  , organization={IEEE}
  , month={May}
  , pages={571--587}
  , ISSN={1081-6011}
}

@inproceedings{Adrian:2015:IFS:2810103.2813707
  , author={Adrian, D. and Bhargavan, K. and Durumeric, Z. and Gaudry, P. and Green, M. and Halderman, J. A. and Heninger, N. and Springall, D. and Thom{\'e}, E. and Valenta, L. and VanderSloot, B. and Wustrow, E. and Zanella-B{\'e}guelin, S. and Zimmermann, P.}
  , title = {Imperfect Forward Secrecy: How Diffie-Hellman Fails in Practice}
  , booktitle = {ACM Conference on Computer and Communications Security}
  , year = {2015}
}
 series = {CCS '15},
 isbn = {978-1-4503-3832-5},
 location = {Denver, Colorado, USA},
 pages = {5--17},
 numpages = {13},
 acmid = {2813707},
 publisher = {ACM},
 address = {New York, NY, USA},
 keywords = {Diffie-Hellman, internet measurement, logjam, number field sieve, vulnerabilities},
}

@inproceedings{weir2010testing
  , author = {Weir, M. and Aggarwal, S. and Collins, M. and Stern, H.}
  , title = {Testing Metrics for Password Creation Policies by Attacking Large Sets of Revealed Passwords}
  , booktitle = {ACM Conference on Computer and Communications Security}
  , year = {2010}
}
  , series = {CCS '10}
  , isbn = {978-1-4503-0245-6}
  , location = {Chicago, Illinois, USA}
  , pages = {162--175}
  , numpages = {14}
  , acmid = {1866327}
  , publisher = {ACM}
  , address = {New York, NY, USA}
  , keywords = {cybercrime, password cracking, password policies},
}

@inproceedings{cheon2002simple
  , author={Cheon, Y. and Leavens, G. T.}
  , title={A simple and practical approach to unit testing: The JML and JUnit way}
  , booktitle={ECOOP European Conference on Object-Oriented Programming}
  , year={2002}
}
  volume={2374},
  pages={231--255},
  organization={Springer}
}

@inproceedings{5665047
  , author={T. Murakami and R. Kasahara and T. Saito}
  , title={An implementation and its evaluation of password cracking tool parallelized on GPGPU}
  , booktitle={International Symposium on Communications and Information Technologies}
  , year={2010}
}

volume={},
number={},
pages={534-538},
month={Oct},
}

@inproceedings{burwick:1998:mars
  , author = {C. Burwick and D. Coppersmith and E. D’Avignon and R. Gennaro and S. Halevi and C. Jutla and S. M. Matyas Jr. and L. O’Connor and M. Peyravian and D. Safford and N. Zunic}
  , title = {MARS --- a candidate cipher for AES}
  , booktitle={First Advanced Encryption Standard (AES) Conference}
  , year = {1998}
}
  , url={http://www.nic.funet.fi/~bande/docs/crypt/system/mars.pdf}
  , urldate={2017-10-23}
}

@inproceedings{rivest:1998:rc6
  , author={R. L. Rivest and M. J. B. Robshaw and Y.L. Yin and R. Sidney}
  , title={The RC6 Block Cipher}
  , booktitle={First Advanced Encryption Standard (AES) Conference}
  , year={1998}
}
  , url={http://people.csail.mit.edu/rivest/pubs/RRSY98.pdf}
  , urldate={2017-10-23}
}

@inproceedings{daemen:1998:rijndael
  , author={J. Daemen and V. Rijmen}
  , title={AES Proposal: Rijndael}
  , booktitle={First Advanced Encryption Standard (AES) Conference}
  , year={1998}
}

@inproceedings{anderson:1988:serpent
  , author = {Anderson, R. J. and Biham, E. and Knudsen, L. R.}
  , title={Serpent: A Proposal for the Advanced Encryption Standard}
  , booktitle={First Advanced Encryption Standard (AES) Conference}
  , year = {1998}
}

@inproceedings{schneier:1998:twofish
  , title={Twofish: A 128-bit block cipher}
  , author={Schneier, B. and Kelsey, J. and Whiting, D. and Wagner, D. and Hall, C. and Ferguson, N.}
  , booktitle={First Advanced Encryption Standard (AES) Conference}
  , year={1998}
}

@inproceedings{lamsweerde:2000:formal-specification
  , author = {Lamsweerde, A. van}
  , title = {Formal Specification: A Roadmap}
  , booktitle = {Conference on The Future of Software Engineering}
  , year = {2000}
}
  , series = {ICSE '00}
  , isbn = {1-58113-253-0}
  , location = {Limerick, Ireland}
  , pages = {147--159}
  , numpages = {13}
  , acmid = {336546}
  , publisher = {ACM}
  , address = {New York, NY, USA}
}

@inproceedings{mueller:1994:formal-specification
  , author = {Müller, P. and Poetzsch-Heffter, A.}
  , title = {Formal Specification Techniques for Object-Oriented Programs}
  , booktitle={Informatik ’97 Informatik als Innovationsmotor}
  , year = {1997}
}
  , month = {01}
  , pages = {602-611}
}

@inproceedings{williams:2010:unit-tests-rock
  , author = {L. Williams and G. Kudrjavets}
  , title = {On the Effectiveness of Unit Test Automation at Microsoft}
  , booktitle = {International Symposium on Software Reliability Engineering}
  , year = {2010}
}
  , url={https://collaboration.csc.ncsu.edu/laurie/Papers/Unit_testing_cameraReady.pdf}
  , urldate={2017-10-23}
}

@inproceedings{gaw2006password
  , author = {Gaw, S. and Felten, E. W.}
  , title = {Password Management Strategies for Online Accounts}
  , booktitle = {Symposium on Usable Privacy and Security}
  , year = {2006}
}
  , series = {SOUPS '06}
  , isbn = {1-59593-448-0}
  , location = {Pittsburgh, Pennsylvania, USA}
  , pages = {44--55}
  , numpages = {12}
  , acmid = {1143127}
  , publisher = {ACM}
  , address = {New York, NY, USA}
  , keywords = {password, password management, password reuse, security, survey, user behavior},
}

@inproceedings{shay2010encountering
  , author = {Shay, R. and Komanduri, S. and Kelley, P. G. and Leon, P. G. and Mazurek, M. L. and Bauer, L. and Christin, N. and Cranor, L. F.}
  , title = {Encountering Stronger Password Requirements: User Attitudes and Behaviors}
  , booktitle = {Symposium on Usable Privacy and Security}
  , year = {2010}
}
  , series = {SOUPS '10}
  , isbn = {978-1-4503-0264-7}
  , location = {Redmond, Washington, USA}
  , pages = {2:1--2:20}
  , articleno = {2}
  , numpages = {20}
  , acmid = {1837113}
  , publisher = {ACM}
  , address = {New York, NY, USA}
  , keywords = {passwords, policy, security, survey, usability},
}

@inproceedings{zhang2010security
  , author = {Zhang, Y. and Monrose, F. and Reiter, M. K.}
  , title = {The Security of Modern Password Expiration: An Algorithmic Framework and Empirical Analysis}
  , booktitle = {ACM Conference on Computer and Communications Security}
  , year = {2010}
}
 series = {CCS '10},
 isbn = {978-1-4503-0245-6},
 location = {Chicago, Illinois, USA},
 pages = {176--186},
 numpages = {11},
 acmid = {1866328},
 publisher = {ACM},
 address = {New York, NY, USA},
 keywords = {password expiration, passwords, user authentication},
}

@inproceedings{Wu:2006:STA:1124772.1124863
  , author = {Wu, M. and Miller, R. C. and Garfinkel, S. L.}
  , title = {Do Security Toolbars Actually Prevent Phishing Attacks?}
  , booktitle = {ACM Conference on Human Factors in Computing Systems}
  , year = {2006}
}
  , series = {CHI '06}
  , isbn = {1-59593-372-7}
  , location = {Montréal, Québec, Canada}
  , pages = {601--610}
  , numpages = {10}
  , acmid = {1124863}
  , publisher = {ACM}
  , address = {New York, NY, USA}
}

@inproceedings{bellovin1993augmented
  , author={Bellovin, S. M. and Merritt, M.}
  , title={Augmented Encrypted Key Exchange: A Password-based Protocol Secure Against Dictionary Attacks and Password File Compromise}
  , booktitle={ACM Conference on Computer and Communications Security}
  , year = {1993}
}
  , series = {CCS '93}
  , isbn = {0-89791-629-8}
  , location = {Fairfax, Virginia, USA}
  , pages = {244--250}
  , numpages = {7}
  , acmid = {168618}
  , publisher = {ACM}
  , address = {New York, NY, USA},
}

@inproceedings{wang2005break
  , title={How to break MD5 and other hash functions.}
  , author={Wang, X. and Yu, H.}
  , booktitle={International Conference on the Theory and Applications of Cryptographic Techniques}
  , year={2005}
}
  volume={3494},
  pages={19--35},
  organization={Springer}
}

@inproceedings{durumeric2014matter
  , author = {Durumeric, Z. and Kasten, J. and Adrian, D. and Halderman, J. A. and Bailey, M. and Li, F. and Weaver, N. and Amann, J. and Beekman, J. and Payer, M. and Paxson, V.}
  , title = {The Matter of Heartbleed}
  , booktitle = {ACM Internet Measurement Conference}
  , year = {2014}
}
  , series = {IMC '14}
  , isbn = {978-1-4503-3213-2}
  , location = {Vancouver, BC, Canada}
  , pages = {475--488}
  , numpages = {14}
  , acmid = {2663755}
  , publisher = {ACM}
  , address = {New York, NY, USA}
  , keywords = {heartbleed, internet-wide scanning, openssl, security},
}

@online{comodo:2017:ca-incident
, title={Comodo CA Incident Report}
, url={https://www.comodo.com/Comodo-Fraud-Incident-2011-03-23.html}
, urldate={2017-10-23}
}

@online{diginotar:2017:ca-incident
  , title={Google Blog Post about DigiNotar Incident}
  , url={https://security.googleblog.com/2011/08/update-on-attempted-man-in-middle.html}
  , urldate={2017-10-23}
}

@online{anssi:2017:ca-incident
  , title={Google Blog Post about ANSSI Incident}
  , url={https://security.googleblog.com/2013/12/further-improving-digital-certificate.html}
  , urldate={2017-10-23}
}

@online{nic:2017:ca-incident
  , title={Google Blog Post about NIC Incident}
  , url={https://security.googleblog.com/2014/07/maintaining-digital-certificate-security.html}
  , urldate={2017-10-23}
}

@online{symantec:2017:ca-incident-0
  , title={Google Chrome to Distrust Symantec Certificates}
  , url={https://security.googleblog.com/2017/09/chromes-plan-to-distrust-symantec.html}
  , urldate={2017-10-23}
}

@online{symantec:2017:ca-incident-1
  , title={Mozilla Wiki Page about Symantec Issues}
  , url = {https://wiki.mozilla.org/CA:Symantec_Issues}
  , urldate={2017-10-23}
}

@online{startcom:2017:ca-incident-0
  , title={Google Chrome to Distrust WoSign and StartCom Certificates}
  , url={https://security.googleblog.com/2016/10/distrusting-wosign-and-startcom.html}
  , urldate={2017-10-23}
}

@online{startcom:2017:ca-incident-1
  , title={Google Chrome to Finalize Distrust in WoSign and StartCom Certificates}
  , url={https://security.googleblog.com/2017/07/final-removal-of-trust-in-wosign-and.html}
  , urldate={2017-10-23}
}

@online{turktrust:2017:ca-incident-0
  , title={Google Chrome to Distrust TURKTRUST}
  , url={https://security.googleblog.com/2013/01/enhancing-digital-certificate-security.html}
  , urldate={2017-10-23}
}

@online{wiki:2017:sponge-function
  , title={Sponge Function}
  , author={Wikipedia}
  , url={https://en.wikipedia.org/wiki/Sponge_function}
  , urldate={2017-10-23}
}

@online{wiki:2017:hotp-totp-companies
  , title={Server Implementations for HOTP and TOTP}
  , author={Wikipedia}
  , url={https://en.wikipedia.org/wiki/Time-based_One-time_Password_Algorithm#Server_implementations}
  , urldate={2017-10-23}
}

@online{github:2017:lyra
  , title={Lyra2 reference implementation}
  , author={L. C. Almeida and M. A. Simplicio Jr. and E. R. Andrade and P. C. F. dos Santos and P. S. L. M. Barreto}
  , url={https://github.com/leocalm/Lyra}
  , urldate={2017-10-23}
}

@online{web:2017:picocli
  , title={\texttt{picocli} --- a mighty tiny command line interface}
  , author={R. Popma}
  , url={http://picocli.info/}
  , urldate={2017-10-23}
}

@online{github:2017:lyra-copy
  , title={Lyra2 reference implementation (Lisianoi's fork)}
  , author={Lisianoi, A.}
  , url={https://github.com/all3fox/Lyra}
  , urldate={2017-10-23}
}

@online{github:2017:lyra-pr
  , title={Lyra2 pull request of the "harness" branch}
  , author={Lisianoi, A.}
  , url={https://github.com/leocalm/Lyra/pull/7}
  , urldate={2017-10-23}
}

@online{github:2017:lyra2-java
  , title={Lyra2, Java port}
  , author={Lisianoi, A.}
  , url={https://github.com/all3fox/lyra2-java}
  , urldate={2017-10-23}
}

@online{github:2017:lyra2-mobile
  , title={Lyra2Mobile, an Android application}
  , author={Lisianoi, A.}
  , url={https://github.com/all3fox/lyra2-mobile}
  , urldate={2017-10-23}
}

@online{github:2017:lyra2-compare
  , title={Lyra2 comparison project}
  , author={Lisianoi, A.}
  , url={https://github.com/all3fox/lyra2-compare}
  , urldate={2017-10-23}
}

@online{jupyter:2017:jupyter
  , title={Project Jupyter}
  , author={The Jupyter Community and Steering Council}
  , url={http://jupyter.org/}
  , urldate={2017-10-23}
}

@online{travis:2017:lyra
  , title={Lyra2 continuous integration on Travis}
  , author={Lisianoi, A.}
  , url={https://travis-ci.org/all3fox/lyra2-java}
  , urldate={2017-10-23}
}

@online{travis:2017:homepage
  , title={TravisCI Homepage}
  , url={https://travis-ci.org/}
  , urldate={2017-10-23}
}

@online{appveyor:2017:homepage
  , title={AppVeyor Homepage}
  , url={https://www.appveyor.com/}
  , urldate={2017-10-23}
}

@online{circleci:2017:homepage
  , title={CircleCI Homepage}
  , url={https://circleci.com/}
  , urldate={2017-10-23}
}

@online{maven:2017:lyra2
  , title={Lyra2 package on Maven Central, version 1.3}
  , author={Lisianoi, A.}
  , url={http://search.maven.org/#artifactdetails%7Ccom.github.all3fox%7Clyra2%7C1.3%7Clyra2}
  , urldate={2017-10-23}
}

@online{github:2017:argon2
  , title={The Argon2 GitHub repository}
  , author={D. Khovratovich and J. P. Aumasson and contributors}
  , url={https://github.com/P-H-C/phc-winner-argon2/}
  , urldate={2017-10-23}
}

@online{github:2017:argon2-test.c
  , title={The Unit Testing Harness of Argon2}
  , author={D. Dinu and D. Khovratovich and J. P. Aumasson and S. Neves}
  , url={https://github.com/P-H-C/phc-winner-argon2/blob/68dd41f75c4c9df95f403154c0e19252fcf0f513/src/test.c}
  , urldate={2017-10-23}
}

@online{wiki:2017:frameworks-cpp
  , title={A List of Unit Testing Frameworks for C++}
  , author={Wikipedia}
  , url={https://en.wikipedia.org/wiki/List_of_unit_testing_frameworks#C.2B.2B}
  , urldate={2017-10-23}
}

@online{wiki:2017:frameworks-c
  , title={A List of Unit Testing Frameworks for C}
  , author={Wikipedia}
  , url={https://en.wikipedia.org/wiki/List_of_unit_testing_frameworks#C}
  , urldate={2017-10-23}
}

@online{boost:2017:test-docs
  , title={Documentation for the Boost.Test library}
  , author={G. Rozental and R. Enficiaud and \textsc{Boost} contributors}
  , url={http://www.boost.org/doc/libs/1_65_1/libs/test/doc/html/index.html}
  , urldate={2017-10-23}
}

@online{boost:2017:test-data-driven
  , title={Data Driven Test Cases}
  , author={G. Rozental and R. Enficiaud and \textsc{Boost} contributors}
  , url={http://www.boost.org/doc/libs/1_65_1/libs/test/doc/html/boost_test/tests_organization/test_cases/test_case_generation.html}
  , urldate={2017-10-23}
}

@online{boost:2017:test-docs-data-macro
  , title={Boost Data-Driven Unit Tests}
  , url={http://www.boost.org/doc/libs/1_65_1/libs/test/doc/html/boost_test/tests_organization/test_cases/test_case_generation/datasets_auto_registration.html}
  , urldate={2017-10-23}
}

@online{boost:2017:test-docs-dataset
  , title={Boost Datasets for Data-Driven Unit Tests}
  , url={http://www.boost.org/doc/libs/1_65_1/libs/test/doc/html/boost_test/tests_organization/test_cases/test_case_generation/datasets.html}
  , urldate={2017-10-23}
}

@online{testng:2017:home
  , title={TestNG Homepage}
  , author={C. Beust and contributors}
  , url={http://testng.org/doc/index.html}
  , urldate={2017-10-23}
}

@online{mkyong:2017:testng-vs-junit
  , title={TestNG vs JUnit4 comparison}
  , url={https://www.mkyong.com/unittest/junit-4-vs-testng-comparison/}
  , urldate={2017-10-23}
}

@online{wiki:2017:testng-vs-junit
  , title={TestNG vs JUnit comparison}
  , author={Wikipedia}
  , url={https://en.wikipedia.org/wiki/TestNG#Comparison_with_JUnit}
  , urldate={2017-10-23}
}

@online{wiki:2017:unit-testing
  , title={Unit Testing on Wikipedia}
  , author={Wikipedia}
  , url={https://en.wikipedia.org/wiki/Unit_testing}
  , urldate={2017-10-23}
}

@online{django:2017:homepage
  , title={Django Homepage}
  , url={https://www.djangoproject.com/}
  , urldate={2017-10-23}
}

@online{django:2017:argon2
  , title={Argon2 in Django Web Framework}
  , url={https://docs.djangoproject.com/en/1.11/topics/auth/passwords/#using-argon2-with-django}
  , urldate={2017-10-23}
}

@online{github:2017:argonische
  , title={Argonishche (Argon2 in Yandex)}
  , url={https://github.com/yandex/argon2}
  , urldate={2017-10-23}
}

@online{github:2017:catena
  , title={Catena GitHub Repository}
  , url={https://github.com/medsec/catena}
  , urldate={2017-10-23}
}

@online{github:2017:catena-axungia
  , title={\textsc{Catene-Axungia} GitHub Repository}
  , url={https://github.com/medsec/catena-axungia}
  , urldate={2017-10-23}
}

@online{github:2017:catena-variants
  , title={\textsc{Catena-Variants} GitHub Repository}
  , url={https://github.com/medsec/catena-variants}
  , urldate={2017-10-23}
}

@online{makwa:2017:homepage
  , title={Makwa Homepage}
  , author={Thomas Pornin}
  , url={http://www.bolet.org/makwa/}
  , urldate={2017-10-23}
}
